comment

Querying 'tinysample' via the ledger bridge.

Assets:Crypto
2016-10-01 0.500000 BTC {450.00 USD} [16-Oct-01] Assets:Crypto:Bitcoin
2016-10-03 -0.000500 BTC {417.5 EUR} [16-Oct-03] Assets:Crypto:Bitcoin
2016-10-06 0.750000 BTC {800.00 USD} [16-Oct-06] Assets:Crypto:Bitcoin
2016-10-08 0.375000 BTC {362.41 GBP} [16-Oct-08] Assets:Crypto:Bitcoin
2016-10-11 0.073762 BTC {541.20 USD} [16-Oct-11] Assets:Crypto:Bitcoin
2016-10-13 -0.000500 BTC {485 EUR} [16-Oct-13] Assets:Crypto:Bitcoin
2016-10-13 -0.000200 BTC {560.00 USD} [16-Oct-13] Assets:Crypto:Bitcoin
2016-10-26 -0.750000 BTC {480 EUR} [16-Oct-26] Assets:Crypto:Bitcoin
2016-11-01 1.200000 BTC {550 EUR} [16-Nov-01] Assets:Crypto:Bitcoin
2016-11-07 43.53 ETH {0.02297266253158741098 BTC} [16-Nov-07] Assets:Crypto:Ether
2016-11-07 -1.000000 BTC {704.07 USD} [2016-11-07] Assets:Crypto:Bitcoin
2016-11-10 1.037500 BTC {40.9638554216867469879518 ETH} [16-Nov-10] Assets:Crypto:Bitcoin
2016-11-10 -42.50 ETH {704.07 USD} [2016-11-07] Assets:Crypto:Ether
2016-11-13 43.40 ETH {0.0239055299539170506912 BTC} [16-Nov-13] Assets:Crypto:Ether
2016-11-13 -1.037500 BTC {702.38 USD} [2016-11-13] Assets:Crypto:Bitcoin
2016-11-27 -43.40 ETH {0.024285714285714285714 BTC} [16-Nov-27] Assets:Crypto:Ether
2016-11-27 1.054000 BTC {728.27 USD} [2016-11-27] Assets:Crypto:Bitcoin

ETH lots:
holdings[ETH][0] 2016-11-07 43.53000000 ETH {0.02297266253158741098 BTC}
holdings[ETH][1] 2016-11-13 43.40000000 ETH {0.0239055299539170506912 BTC}

BTC lots:
holdings[BTC][0] 2016-10-01 0.50000000 BTC {450.00 USD}
holdings[BTC][1] 2016-10-06 0.75000000 BTC {800.00 USD}
holdings[BTC][2] 2016-10-08 0.37500000 BTC {362.41 GBP}
holdings[BTC][3] 2016-10-11 0.07376200 BTC {541.20 USD}
holdings[BTC][4] 2016-11-01 1.20000000 BTC {550 EUR}
holdings[BTC][5] 2016-11-10 1.03750000 BTC {40.9638554216867469879518 ETH}
holdings[BTC][6] 2016-11-27 1.05400000 BTC {728.27 USD}

Reductions to be applied:
reductions[0] 2016-10-03 -0.00050000 BTC 417.5 EUR
reductions[1] 2016-10-13 -0.00050000 BTC 485 EUR
reductions[2] 2016-10-13 -0.00020000 BTC 560.00 USD
reductions[3] 2016-10-26 -0.75000000 BTC 480 EUR
reductions[4] 2016-11-07 -1.00000000 BTC 704.07 USD
reductions[5] 2016-11-10 -42.50000000 ETH 704.07 USD
reductions[6] 2016-11-13 -1.03750000 BTC 702.38 USD
reductions[7] 2016-11-27 -43.40000000 ETH 0.024285714285714285714 BTC
end comment

P 2016-10-01 EUR 1.12 USD
P 2016-10-01 GBP 1.30 USD
P 2016-10-01 BTC 613.81 USD             ; 2.15497735 BTC/XAU
P 2016-10-01 LTC 3.85 USD
P 2016-10-01 XAU 1322.75 USD

2016-10-01 bitcoin purchase           ; Transaction No. 1
    Assets:Crypto:Bitcoin               0.50 BTC @ 450 USD
    Assets:Checking:US           -225 USD

P 2016-10-03 EUR 1.12 USD
P 2016-10-03 GBP 1.28 USD
P 2016-10-03 BTC 612.31 USD             ; 2.16027047 BTC/XAU
P 2016-10-03 LTC 3.85 USD
P 2016-10-03 XAU 1322.75 USD

2016-10-03 * Create offer fee           ; Transaction No. 2
    Expenses:Fees:Crypto      0.0005 BTC @@ 0.23 USD     ; Originally @ 0.20875 EUR
    Assets:Crypto:Bitcoin    -0.00050000 BTC {450.00 USD} [2016-10-01] @ 468.10 USD
    ; Reduction price converted from @ 417.5 EUR
    ; Lot size remaining: 0.50000000 BTC - 0.0005 BTC (reduction) = 0.4995 BTC
    Income:CapitalGains          -0.01 USD

P 2016-10-06 EUR 1.11 USD
P 2016-10-06 GBP 1.24 USD
P 2016-10-06 BTC 610.88 USD             ; 2.16533174 BTC/XAU
P 2016-10-06 LTC 3.85 USD
P 2016-10-06 XAU 1322.75 USD

2016-10-06 * bitcoin purchase           ; Transaction No. 3
    Expenses:Fees:Fiat                  4.00 USD
    Assets:Crypto:Bitcoin               0.75 BTC @ 800.00 USD 
    Assets:Checking:US               -604.00 USD

P 2016-01-05 GBP 1.4677390947 USD

P 2016-10-08 EUR 1.12 USD
P 2016-10-08 GBP 1.24 USD
P 2016-10-08 BTC 616.47 USD             ; 2.14569713 BTC/XAU
P 2016-10-08 LTC 3.86 USD
P 2016-10-08 XAU 1322.75 USD

2016-10-08 * bitcoin purchase           ; Transaction No. 4
    Expenses:Fees:Fiat                  1.69 USD     ; @ 1.36 GBP
    Assets:Crypto:Bitcoin              0.375 BTC @ 450.78 USD     ; @ 362.41 GBP
    Assets:Checking:UK           -170.73 USD     ; @ -137.26 GBP

P 2016-10-11 EUR 1.11 USD
P 2016-10-11 GBP 1.23 USD
P 2016-10-11 BTC 639.51 USD             ; 2.06838494 BTC/XAU
P 2016-10-11 LTC 3.80 USD
P 2016-10-11 XAU 1322.75 USD

2016-10-11 * bitcoin purchase           ; Transaction No. 5
    Expenses:Fees:Fiat                  0.40 USD
    Assets:Crypto:Bitcoin               0.073762 BTC @ 541.20 USD
    Assets:Checking:US            -40.32 USD

P 2016-10-13 EUR 1.10 USD
P 2016-10-13 GBP 1.22 USD
P 2016-10-13 BTC 635.01 USD             ; 2.08302522 BTC/XAU
P 2016-10-13 LTC 3.75 USD
P 2016-10-13 XAU 1322.75 USD

2016-10-13 * Create offer fee           ; Transaction No. 6
    Expenses:Fees:Crypto      0.0005 BTC @ 535.92 USD     ; Originally @ 485.00 EUR
    Assets:Crypto:Bitcoin    -0.00050000 BTC {450.00 USD} [2016-10-01] @ 535.92 USD
    ; Reduction price converted from @ 485 EUR
    ; Lot size remaining: 0.49950000 BTC - 0.0005 BTC (reduction) = 0.499 BTC
    Income:CapitalGains          -0.04 USD

P 2016-10-13 EUR 1.10 USD
P 2016-10-13 GBP 1.22 USD
P 2016-10-13 BTC 635.01 USD             ; 2.08302522 BTC/XAU
P 2016-10-13 LTC 3.75 USD
P 2016-10-13 XAU 1322.75 USD

2016-10-13 * Network fee           ; Transaction No. 7
    Expenses:Fees:Crypto:Network        0.0002 BTC @ 560.00 USD @ 635.01 USD
    Assets:Crypto:Bitcoin    -0.00020000 BTC {450.00 USD} [2016-10-01] @ 560.00 USD
    ; Lot size remaining: 0.49900000 BTC - 0.0002 BTC (reduction) = 0.4988 BTC
    Income:CapitalGains          -0.02 USD

P 2016-10-26 EUR 1.09 USD
P 2016-10-26 GBP 1.22 USD
P 2016-10-26 BTC 674.45 USD             ; 1.96122655 BTC/XAU
P 2016-10-26 LTC 3.91 USD
P 2016-10-26 XAU 1322.75 USD

2016-10-26 * bitcoin sale           ; Transaction No. 8
    Assets:Checking:EU                   392.84 USD     ; Originally @ 360 EUR
    Assets:Crypto:Bitcoin    -0.49880000 BTC {450.00 USD} [2016-10-01] (lot cleared) @ 523.79 USD
    ; Reduction price converted from @ 480 EUR
    ; Lot size remaining: 0.49880000 BTC - 0.75 BTC (reduction) = -0.2512 BTC
    Income:CapitalGains          -36.81 USD
    Assets:Crypto:Bitcoin    -0.25120000 BTC {800.00 USD} [2016-10-06] @ 523.79 USD
    ; Reduction price converted from @ 480 EUR
    ; Lot size remaining: 0.75000000 BTC - 0.2512 BTC (reduction) = 0.4988 BTC
    Income:CapitalGains          69.38 USD

P 2016-11-01 EUR 1.11 USD
P 2016-11-01 GBP 1.22 USD
P 2016-11-01 BTC 728.90 USD             ; 1.81471077 BTC/XAU
P 2016-11-01 LTC 4.00 USD
P 2016-11-01 XAU 1322.75 USD

2016-11-01 * bitcoin purchase           ; Transaction No. 9
    Assets:Crypto:Bitcoin              1.2 BTC
    Assets:Checking:EU                -729.92 USD     ; Originally @ -660 EUR

P 2016-11-07 EUR 1.11 USD
P 2016-11-07 GBP 1.24 USD
P 2016-11-07 BTC 704.07 USD             ; 1.87873163 BTC/XAU
P 2016-11-07 LTC 3.89 USD
P 2016-11-07 XAU 1322.75 USD

2016-11-07 * ether purchase           ; Transaction No. 10
    Assets:Crypto:Ether                 43.53 ETH
    Assets:Crypto:Bitcoin    -0.49880000 BTC {800.00 USD} [2016-10-06] (lot cleared) @ 704.07 USD
    ; Lot size remaining: 0.49880000 BTC - 1.0 BTC (reduction) = -0.5012 BTC
    Income:CapitalGains          47.85 USD
    Assets:Crypto:Bitcoin    -0.37500000 BTC {449.22 USD} [2016-10-08] (lot cleared) @ 704.07 USD
    ; Lot size remaining: 0.37500000 BTC - 0.5012 BTC (reduction) = -0.1262 BTC
    Income:CapitalGains          -95.57 USD
    Assets:Crypto:Bitcoin    -0.07376200 BTC {541.20 USD} [2016-10-11] (lot cleared) @ 704.07 USD
    ; Lot size remaining: 0.07376200 BTC - 0.1262 BTC (reduction) = -0.052438 BTC
    Income:CapitalGains          -12.01 USD
    Assets:Crypto:Bitcoin    -0.05243800 BTC {607.80 USD} [2016-11-01] @ 704.07 USD
    ; Lot size remaining: 1.20000000 BTC - 0.052438 BTC (reduction) = 1.147562 BTC
    Income:CapitalGains          -5.05 USD

P 2016-11-10 EUR 1.09 USD
P 2016-11-10 GBP 1.26 USD
P 2016-11-10 BTC 713.70 USD             ; 1.85337917 BTC/XAU
P 2016-11-10 LTC 3.86 USD
P 2016-11-10 XAU 1322.75 USD

2016-11-10 * ether sale           ; Transaction No. 11
    Assets:Crypto:Bitcoin               1.0375 BTC
    Assets:Crypto:Ether    -42.50000000 ETH {16.40 USD} [2016-11-07] @ 704.07 USD
    ; Lot size remaining: 43.53000000 ETH - 42.5 ETH (reduction) = 1.03 ETH
    Income:CapitalGains          -29226.16 USD

P 2016-11-13 EUR 1.08 USD
P 2016-11-13 GBP 1.26 USD
P 2016-11-13 BTC 702.38 USD             ; 1.88324981 BTC/XAU
P 2016-11-13 LTC 3.77 USD
P 2016-11-13 XAU 1322.75 USD

2016-11-13 * ether purchase           ; Transaction No. 12
    Assets:Crypto:Ether                 43.40 ETH
    Assets:Crypto:Bitcoin    -1.03750000 BTC {595.56 USD} [2016-11-01] @ 702.38 USD
    ; Lot size remaining: 1.14756200 BTC - 1.0375 BTC (reduction) = 0.110062 BTC
    Income:CapitalGains          -110.82 USD
    
P 2016-11-27 EUR 1.06 USD
P 2016-11-27 GBP 1.25 USD
P 2016-11-27 BTC 728.27 USD             ; 1.62967043 BTC/XAU
P 2016-11-27 LTC 3.91 USD
P 2016-11-27 XAU 1186.83 USD

2016-11-27 * ether sale           ; Transaction No. 13
    Assets:Crypto:Ether    -1.03000000 ETH {16.73 USD} [2016-11-07] (lot cleared) @ 17.69 USD
    ; Reduction price converted from @ 0.024285714285714285714 BTC
    ; Lot size remaining: 1.03000000 ETH - 43.4 ETH (reduction) = -42.37 ETH
    Income:CapitalGains          -0.98 USD
    Assets:Crypto:Ether    -42.37000000 ETH {17.41 USD} [2016-11-13] @ 17.69 USD
    ; Reduction price converted from @ 0.024285714285714285714 BTC
    ; Lot size remaining: 43.40000000 ETH - 42.37 ETH (reduction) = 1.03 ETH
    Income:CapitalGains          -11.73 USD
    Assets:Crypto:Bitcoin               1.054 BTC 

comment
Remaining ETH lots:
2016-11-13 1.030000 ETH {0.0239055299539170506912 BTC}
Total holdings: 1.030000 ETH.

Remaining BTC lots:
2016-11-01 0.110062 BTC {550 EUR}
2016-11-10 1.037500 BTC {40.9638554216867469879518 ETH}
2016-11-27 1.054000 BTC {728.27 USD}
Total holdings: 2.201562 BTC.

    All lots have been reduced.

Capital gains: -29381.98 USD.
end comment

